@article{smith2022environmental,
	title={Environmental income and rural livelihoods},
	author={Smith-Hall, Carsten and Jiao, Xi and Walelign, Solomon Zena},
	journal={Proceedings of the Routledge Handbook on Livelihoods in the Global South},
	pages={259--270},
	year={2022}
}
@article{larsen2014role,
	title={The role of environmental incomes in rural Nepalese livelihoods 2005--2012: contextual information},
	author={Larsen, Helle Overgaard and Rayamajhi, Santosh and Chhetri, Bir Bahadur Khanal and Charlery, Lindy Callen and Gautam, Narayan and Khadka, Nirajan and Puri, Lila and Rutt, Rebecca Leigh and Shivakoti, Tara and Thorsen, Rikke Stamp and others},
	journal={IFRO Documentation},
	volume={4},
	year={2014}
}
@article{rayamajhi2012empirical,
	title={Empirical evidence of the economic importance of Central Himalayan forests to rural households},
	author={Rayamajhi, Santosh and Smith-Hall, Carsten and Helles, Finn},
	journal={Forest Policy and Economics},
	volume={20},
	pages={25--35},
	year={2012},
	publisher={Elsevier}
}
@article{walelign2022unique,
	title={A unique environmental augmented household-level livelihood panel dataset from Nepal},
	author={Walelign, Solomon Zena and Smith-Hall, Carsten and Rayamajhi, Santosh and Chhetri, Bir BK},
	journal={Data in Brief},
	volume={42},
	pages={108168},
	year={2022},
	publisher={Elsevier}
}
@article{dfid1999sustainable,
	title={Sustainable livelihoods guidance sheets},
	author={DfID, UK},
	journal={London: DFID},
	volume={445},
	year={1999}
}
@article{watkins2007human,
	title={Human development report 2007/8. Fighting climate change: Human solidarity in a divided world},
	author={{UNDP}},
	journal={Fighting Climate Change: Human Solidarity in a Divided World (November 27, 2007). UNDP-HDRO Human Development Report},
	year={2007}
}

@Misc{world2018rural,
	title={Rural population (\% of total population)},
	author={{World Bank}},
	journal={The World Bank},
	year={2021},
	howpublished={https://data.worldbank.org/indicator/SP.RUR.TOTL.ZS}
}
@article{jaszczak2018phenomenon,
	title={Phenomenon of abandoned villages and its impact on transformation of rural landscapes},
	author={Jaszczak, Agnieszka and Kristianova, Katarina and Vaznonien{\.e}, Gintar{\.e} and {\v{Z}}ukovskis, Jan},
	journal={Management Theory and Studies for Rural Business and Infrastructure Development},
	volume={40},
	number={4},
	pages={467--480},
	year={2018}
}
@Misc{UNDP,
		title={World Urbanization Prospects 2018},
		journal={},
		year={2018},
		author={{United Nations}},
		howpublished={https://population.un.org/wup}
}
@article{acharya2008dimension,
	title={Dimension of rural development in Nepal},
	author={Acharya, Bala Ram},
	journal={Dhaulagiri Journal of Sociology and Anthropology},
	volume={2},
	pages={181--192},
	year={2008}
}
@Misc{Worldbank2022,
	title={Urban and rural population},
	journal={},
	year={2022},
	author={{The World Bank}},
	howpublished={https://ourworldindata.org/grapher/urban-and-rural-population}
}
@article{world2021state,
	title={The State of Food Security and Nutrition in the World 2021 Transforming food systems for food security, improved nutrition and affordable healthy diets for all},
	author={FAO, and IFAD, and UNICEF, and WFP, and WHO},
	volume={2021},
	year={2021},
	publisher={Food and Agriculture Org.}
}
@article{Researchoverview2022,
	title={Research Overview},
	author={François Gemenne },
	volume={2022:2},
	year={2022},
	publisher={Delmi}
	howpublished={https://www.delmi.se/media/l4acp0cq/delmi-research-overview-2022_2-webb}
}
@article{pelser2022climate,
	title={Climate Change, Rural Livelihoods, and Human Well-Being: Experiences from Kenya},
	author={Pelser, Andr{\'e} J and Chimukuche, Rujeko Samanthia},
	journal={Environ Sci. https://doi. org/10.5772/intechopen},
	volume={104965},
	year={2022}
}
@article{angelsen2014environmental,
	title={Environmental income and rural livelihoods: a global-comparative analysis},
	author={Angelsen, Arild and Jagger, Pamela and Babigumira, Ronnie and Belcher, Brian and Hogarth, Nicholas J and Bauch, Simone and B{\"o}rner, Jan and Smith-Hall, Carsten and Wunder, Sven},
	journal={World development},
	volume={64},
	pages={S12--S28},
	year={2014},
	publisher={Elsevier}
}
@article{mcnamara2016insecure,
	title={Insecure hope: the challenges faced by urban slum dwellers in Bhola Slum, Bangladesh},
	author={McNamara, Karen E and Olson, Laura L and Rahman, Md Ashiqur},
	journal={Migration and Development},
	volume={5},
	number={1},
	pages={1--15},
	year={2016},
	publisher={Taylor \& Francis}
}
@Misc{UN2019,
	title={Rural Population Left Behind by Uneven Global Economy},
	author={{United Nations}},
	year={2019},
	howpublished={https://press.un.org/en/2019/gaef3521.doc.html}
}
@Misc{lazarte2017understanding,
	title={Understanding the drivers of rural vulnerability towards building resilience, promoting socio-economic empowerment and enhancing the socio-economic inclusion of vulnerable, disadvantaged and marginalized populations for an effective promotion of Decent Work in rural economies},
	author={Alfredo Lazarte-Hoyle},
	year={2017},
	institution={International Labour Organization}
}
@misc{tacoli2015rural,
	title={rural--urban migration and urban poverty},
	author={Tacoli, Cecilia and Mcgranahan, G},
	year={2015},
	publisher={Issue March}
}
@misc{artuso2011state,
	title={State of the world's cities 2010/11--bridging the urban divide, by UN Habitat: London, Earthscan, 2010, 220 pp., 24.99 (paperback), ISBN 978-1-84971-176-0},
	author={Artuso, Mario},
	year={2011},
	publisher={Taylor \& Francis}
}
@article{nawrotzki2012natural,
	title={Natural resources and rural livelihoods: Differences between migrants and non-migrants in Madagascar},
	author={Nawrotzki, Raphael and Hunter, Lori and Dickinson, Thomas W},
	journal={Demographic Research},
	volume={26},
	pages={661--700},
	year={2012}
}
@article{angelsen2003exploring,
	title={Exploring the forest-poverty link},
	author={Angelsen, Arild and Wunder, Sven},
	journal={CIFOR occasional paper},
	volume={40},
	pages={1--20},
	year={2003}
}
@article{anani1999sustainable,
	title={Sustainable Governance of Livelihoods in Rural Africa: A place-based response to globalism in Africa},
	author={Anani, Kofi},
	journal={Development},
	volume={42},
	pages={57--63},
	year={1999},
	publisher={Springer}
}
@article{dfid1999sustainable,
	title={Sustainable Livelihoods Guidance Sheets: Framework Introduction Vulnerability Transforming},
	author={Dfid, D},
	journal={Context},
	volume={26},
	year={1999}
}
@article{ellis1999rural,
	title={Rural livelihood diversity in developing countries: evidence and policy implications (Natural Resource Perspectives Vol. 40, No. 1, pp. 1-10)},
	author={Ellis, F},
	journal={Overseas Development Institute, London http://hdl. handle. net/10535/4486},
	year={1999}
}
@article{walelign2017dynamics,
	title={Dynamics of rural livelihoods and environmental reliance: Empirical evidence from Nepal},
	author={Walelign, Solomon Zena and Jiao, Xi},
	journal={Forest Policy and Economics},
	volume={83},
	pages={199--209},
	year={2017},
	publisher={Elsevier}
}
@article{diaz2019livelihood,
	title={Livelihood strategies and risk behavior of cacao producers in Ecuador: effects of national policies to support cacao farmers and specialty cacao landraces},
	author={D{\'\i}az-Montenegro, Jos{\'e}},
	year={2019},
	publisher={Universitat Polit{\`e}cnica de Catalunya}
}
@article{charlery2015assessing,
	title={Assessing environmental dependence using asset and income measures: Evidence from Nepal},
	author={Charlery, Lindy and Walelign, Solomon Zena},
	journal={Ecological Economics},
	volume={118},
	pages={40--48},
	year={2015},
	publisher={Elsevier}
}
@phdthesis{mukotami2014rural,
	title={Rural households livelihood strategies in communities around the Fort Hare and Middle Drift rural dairy projects in Eastern Cape Province South Africa},
	author={Mukotami, Samuel},
	year={2014},
	school={University of Fort Hare}
}
@article{cavendish2008poverty,
	title={Poverty, environmental income and rural inequality: A case study from Zimbabwe},
	author={Cavendish, W and Campbell, BM},
	journal={Managing the Miombo woodlands of southern Africa: policies, incentives and options for the rural poor. World Bank, Washington, DC},
	year={2008},
	publisher={Citeseer}
}
@article{walelign2020environmental,
	title={Environmental reliance traps and pathways--theory and analysis of empirical data from rural Nepal},
	author={Walelign, Solomon Zena and Jiao, Xi and Smith-Hall, Carsten},
	journal={Frontiers in Forests and Global Change},
	volume={3},
	pages={571414},
	year={2020},
	publisher={Frontiers Media SA}
}
@article{walelign2021poverty,
	title={Poverty trap or means to escape poverty? Empirical evidence on the role of environmental income in rural Nepal},
	author={Walelign, Solomon Zena and Charlery, Lindy Callen and Pouliot, Mari{\`e}ve},
	journal={The Journal of Development Studies},
	volume={57},
	number={10},
	pages={1613--1639},
	year={2021},
	publisher={Taylor \& Francis}
}
@incollection{chhetri2022importance,
	title={Importance of Forest and Non-forest Environmental Resources to Sustainable Rural Livelihoods: Insights from a Case Study in Nepal},
	author={Chhetri, Bir Bahadur Khanal and Rayamajhi, Santosh and Baral, Sony},
	booktitle={Designing Social Innovation for Sustainable Livelihoods},
	pages={133--150},
	year={2022},
	publisher={Springer}
}
@article{emeru2022determinants,
	title={Determinants of urban households’ livelihood diversification strategies in North Shewa Zone, Ethiopia},
	author={Emeru, Girma Mulugeta and Fikire, Abebaw Hailu and Beza, Zemenu Bires},
	journal={Cogent Economics \& Finance},
	volume={10},
	number={1},
	pages={2093431},
	year={2022},
	publisher={Taylor \& Francis}
}
@article{amevenku2019determinants,
	title={Determinants of livelihood strategies of fishing households in the volta Basin, Ghana},
	author={Amevenku, FKY and Asravor, RK and Kuwornu, John KM},
	journal={Cogent Economics \& Finance},
	year={2019},
	publisher={Taylor \& Francis}
}
@article{adger2000social,
	title={Social and ecological resilience: are they related?},
	author={Adger, W Neil},
	journal={Progress in human geography},
	volume={24},
	number={3},
	pages={347--364},
	year={2000},
	publisher={Sage Publications Sage CA: Thousand Oaks, CA}
}
@article{ahmadpour2020factors,
	title={Factors affecting the Sustainable Livelihood of Female Household Heads as the Clients of Microcredit Funds in Rural Areas (Case Study: Rural Areas of Ghaemshahr County, Iran)},
	author={Ahmadpour, Amir and Niknejad Alibani, Azadeh and Shahraki, Mohamad Reza},
	journal={Journal of Research and Rural Planning},
	volume={9},
	number={4},
	pages={1--21},
	year={2020},
	publisher={Ferdowsi University of Mashhad}
}
@book{chambers1992sustainable,
	title={Sustainable rural livelihoods: practical concepts for the 21st century},
	author={Chambers, Robert and Conway, Gordon},
	year={1992},
	publisher={Institute of Development Studies (UK)}
}
@article{mao2020rural,
	title={Rural households’ livelihood strategy choice and livelihood diversity of main ethnic minorities in Chongqing, China},
	author={Mao, Shuxin and Qiu, Sha and Li, Tao and Tang, Mingfang},
	journal={Sustainability},
	volume={12},
	number={19},
	pages={8166},
	year={2020},
	publisher={MDPI}
}
@article{shan2020determinants,
	title={Determinants of Livelihood Diversification of Rural Households in Sylhet},
	author={Shan, Tabia Binte and Ahmed, Jasim Uddin},
	journal={Asian Journal of Agricultural Extension, Economics \& Sociology},
	volume={38},
	number={11},
	pages={97--104},
	year={2020}
}
@article{lorato2019determinants,
	title={The determinants of livelihood diversification strategies in Qecha Bira Woreda, Kambata Tambaro Zone, Southern Ethiopia},
	author={Lorato, Tariku},
	journal={Journal of Economics and Sustainable Development},
	volume={10},
	number={9},
	pages={6--14},
	year={2019}
}
@article{walelign2016livelihood,
	title={Livelihood strategies, environmental dependency and rural poverty: The case of two villages in rural Mozambique},
	author={Walelign, Solomon Zena},
	journal={Environment, Development and Sustainability},
	volume={18},
	pages={593--613},
	year={2016},
	publisher={Springer}
}
@book{hsiao2022analysis,
	title={Analysis of panel data},
	author={Hsiao, Cheng},
	number={64},
	year={2022},
	publisher={Cambridge university press}
}
@article{alha2018other,
	title={The other side of caste as social capital},
	author={Alha, Akhil},
	journal={Social Change},
	volume={48},
	number={4},
	pages={575--588},
	year={2018},
	publisher={SAGE Publications Sage India: New Delhi, India}
}
@inproceedings{vanneman2006social,
	title={Social networks in India: Caste, tribe, and religious variations},
	author={Vanneman, Reeve and Noon, James and Sen, Mitali and Desai, Sonalde and Shariff, Abusaleh},
	booktitle={Proceedings of the Annual Meeting of the Population Association of America},
	volume={1},
	number={2},
	pages={112--145},
	year={2006},
	organization={University of Maryland College Park}
}
@incollection{scoones2013livelihoods,
	title={Livelihoods perspectives and rural development},
	author={Scoones, Ian},
	booktitle={Critical perspectives in rural development studies},
	pages={159--184},
	year={2013},
	publisher={Routledge}
}
@article{israr2014livelihood,
	title={Livelihood diversification: A strategy for rural income enhancement},
	author={Israr, Muhammad and Khan, Humayun and Jan, Dawood and Ahmad, Nafees},
	journal={Journal of Finance and Economics},
	volume={2},
	number={5},
	pages={194--198},
	year={2014}
}
@incollection{scoones2013livelihoods,
	title={Livelihoods perspectives and rural development},
	author={Scoones, Ian},
	booktitle={Critical perspectives in rural development studies},
	pages={159--184},
	year={2013},
	publisher={Routledge}
}
@article{dercon2006vulnerability,
	title={Vulnerability: a micro perspective},
	author={Dercon, Stefan},
	journal={Securing development in an unstable world},
	volume={30},
	pages={117--146},
	year={2006},
	publisher={Washington, DC: World Bank}
}
@article{angelsen2015environmental,
	title={Environmental reliance, climate exposure, and vulnerability: a cross-section analysis of structural and stochastic poverty},
	author={Angelsen, Arild and Dokken, Therese},
	journal={World Bank Policy Research Working Paper},
	number={7474},
	year={2015}
}
@article{abbas2018sustainable,
	title={Sustainable survival under climatic extremes: linking flood risk mitigation and coping with flood damages in rural Pakistan},
	author={Abbas, Azhar and Amjath-Babu, TS and K{\"a}chele, Harald and Usman, Muhammad and Amjed Iqbal, M and Arshad, Muhammad and Adnan Shahid, M and M{\"u}ller, Klaus},
	journal={Environmental Science and Pollution Research},
	volume={25},
	pages={32491--32505},
	year={2018},
	publisher={Springer}
}
@article{gentle2014differential,
	title={Differential impacts of climate change on communities in the middle hills region of Nepal},
	author={Gentle, Popular and Thwaites, Rik and Race, Digby and Alexander, Kim},
	journal={Natural hazards},
	volume={74},
	pages={815--836},
	year={2014},
	publisher={Springer}
}
@article{rabbani2021role,
	title={The role of borrowing in crisis coping among ultra-poor households in rural Bangladesh},
	author={Rabbani, Atonu and Hasan, Md Mehadi},
	journal={Journal of Asian Economics},
	volume={73},
	pages={101273},
	year={2021},
	publisher={Elsevier}
}
@article{liao2015does,
	title={Does diversification improve livelihoods? Pastoral households in Xinjiang, China},
	author={Liao, Chuan and Barrett, Christopher and Kassam, Karim-Aly},
	journal={Development and Change},
	volume={46},
	number={6},
	pages={1302--1330},
	year={2015},
	publisher={Wiley Online Library}
}
@article{sun2020nexus,
	title={The nexus between credit channels and farm household vulnerability to poverty: Evidence from rural China},
	author={Sun, Hong and Li, Xiaohong and Li, Wenjing},
	journal={Sustainability},
	volume={12},
	number={7},
	pages={3019},
	year={2020},
	publisher={MDPI}
}
@techreport{buhler2018shocks,
	title={Shocks, vulnerability and income generating capacity of rural households: Evidence from Southeast Asia},
	author={B{\"u}hler, Dorothee and Cunningham, Wendy},
	year={2018},
	institution={TVSEP Working Paper}
}
@article{barua2020impact, 
	title={Impact of Climatic Shocks on Household Well-being: Evidence from Rural Bangladesh},
	author={Barua, Shubhasish and Banerjee, Archis},
	journal={Asia-Pacific Journal of Rural Development},
	volume={30},
	number={1-2},
	pages={89--112},
	year={2020},
	publisher={SAGE Publications Sage India: New Delhi, India}
}
@article{volker2010rural,
	title={Do rural households extract more forest products in times of crisis? Evidence from the mountainous uplands of Vietnam},
	author={V{\"o}lker, Marc and Waibel, Hermann},
	journal={Forest Policy and Economics},
	volume={12},
	number={6},
	pages={407--414},
	year={2010},
	publisher={Elsevier}
}
@book{chambers1992sustainable,
	title={Sustainable rural livelihoods: practical concepts for the 21st century},
	author={Chambers, Robert and Conway, Gordon},
	year={1992},
	publisher={Institute of Development Studies (UK)}
}
@article{calvo2005measuring,
	title={Measuring individual vulnerability},
	author={Calvo, Cesar and Dercon, Stefan},
	year={2005},
	publisher={University of Oxford}
}
@article{chambers1989editorial,
	title={Editorial introduction: vulnerability, coping and policy},
	author={Chambers, Robert},
	year={1989},
	publisher={Institute of Development Studies}
}
@article{fang2016rural,
	title={Rural household vulnerability and strategies for improvement: An empirical analysis based on time series},
	author={Fang, Yi-ping and Zhao, Chen and Rasul, Golam and Wahid, Shahriar M},
	journal={Habitat International},
	volume={53},
	pages={254--264},
	year={2016},
	publisher={Elsevier}
}
@article{zhang2020capital,
	title={Capital assets framework for analysing household vulnerability during disaster},
	author={Zhang, Huafeng and Zhao, Yandong and Pedersen, Jon},
	journal={Disasters},
	volume={44},
	number={4},
	pages={687--707},
	year={2020},
	publisher={Wiley Online Library}
}
@article{moser1998asset,
	title={The asset vulnerability framework: reassessing urban poverty reduction strategies},
	author={Moser, Caroline ON},
	journal={World development},
	volume={26},
	number={1},
	pages={1--19},
	year={1998},
	publisher={Elsevier}
}
@book{bernier2014resilience,
	title={Resilience and social capital},
	author={Bernier, Quinn and Meinzen-Dick, Ruth},
	volume={4},
	year={2014},
	publisher={Intl Food Policy Res Inst}
}
@article{gaisie2021complexity,
	title={Complexity of resilience capacities: Household capitals and resilience outcomes on the disaster cycle in informal settlements},
	author={Gaisie, Eric and Han, Sun Sheng and Kim, Hyung Min},
	journal={International Journal of Disaster Risk Reduction},
	volume={60},
	pages={102292},
	year={2021},
	publisher={Elsevier}
}
@article{antwi2013characterising,
	title={Characterising the nature of household vulnerability to climate variability: empirical evidence from two regions of Ghana},
	author={Antwi-Agyei, Philip and Dougill, Andrew J and Fraser, Evan DG and Stringer, Lindsay C},
	journal={Environment, development and sustainability},
	volume={15},
	pages={903--926},
	year={2013},
	publisher={Springer}
}
@article{rahman2023households,
	title={Households’ vulnerability assessment: empirical evidence from cyclone-prone area of Bangladesh},
	author={Rahman, Md Mostafizur and Arif, Md Saidul Islam and Hossain, Md Tanvir and Almohamad, Hussein and Al Dughairi, Ahmed Abdullah and Al-Mutiry, Motrih and Abdo, Hazem Ghassan},
	journal={Geoscience letters},
	volume={10},
	number={1},
	pages={1--21},
	year={2023},
	publisher={SpringerOpen}
}
@article{notenbaert2013derivation,
	title={Derivation of a household-level vulnerability index for empirically testing measures of adaptive capacity and vulnerability},
	author={Notenbaert, An and Karanja, Stanley Nganga and Herrero, Mario and Felisberto, Maute and Moyo, Siboniso},
	journal={Regional Environmental Change},
	volume={13},
	number={2},
	pages={459--470},
	year={2013},
	publisher={Springer}
}
@article{shahiestimating,
	title={Estimating Households’ Vulnerability to Poverty},
	author={Shahi, Pushpa Raj and Shreezal, GC},
	journal={The Economic Journal of Nepal},
	volume={43},
	year={2020}
}
@article{aksha2019analysis,
	title={An analysis of social vulnerability to natural hazards in Nepal using a modified social vulnerability index},
	author={Aksha, Sanam K and Juran, Luke and Resler, Lynn M and Zhang, Yang},
	journal={International Journal of Disaster Risk Science},
	volume={10},
	pages={103--116},
	year={2019},
	publisher={Springer}
}
@inproceedings{bista2019grasping,
	title={Grasping Climate Vulnerability in Western Mountainous Nepal: Applying Climate Vulnerability Index},
	author={Bista, Raghu Bir},
	booktitle={Forum for Social Economics},
	year={2019},
	organization={Taylor \& Francis}
}
@article{mainali2019mapping,
	title={Mapping the need for adaptation: Assessing drought vulnerability using the livelihood vulnerability index approach in a mid-hill region of Nepal},
	author={Mainali, Janardan and Pricope, Narcisa G},
	journal={Climate and Development},
	volume={11},
	number={7},
	pages={607--622},
	year={2019},
	publisher={Taylor \& Francis}
}
@article{gerlitz2017multidimensional,
	title={The multidimensional livelihood vulnerability index--an instrument to measure livelihood vulnerability to change in the Hindu Kush Himalayas},
	author={Gerlitz, Jean-Yves and Macchi, Mirjam and Brooks, Nick and Pandey, Rajiv and Banerjee, Soumyadeep and Jha, Shashidhar Kumar},
	journal={Climate and Development},
	volume={9},
	number={2},
	pages={124--140},
	year={2017},
	publisher={Taylor \& Francis}
}
@article{honda1988size,
	title={A size correction to the Lagrange multiplier test for heteroskedasticity},
	author={Honda, Yuzo},
	journal={Journal of Econometrics},
	volume={38},
	number={3},
	pages={375--386},
	year={1988},
	publisher={Elsevier}
}
@article{breusch1980lagrange,
	title={The Lagrange multiplier test and its applications to model specification in econometrics},
	author={Breusch, Trevor S and Pagan, Adrian R},
	journal={The review of economic studies},
	volume={47},
	number={1},
	pages={239--253},
	year={1980},
	publisher={Wiley-Blackwell}
}
@article{hausman1978specification,
	title={Specification tests in econometrics},
	author={Hausman, Jerry A},
	journal={Econometrica: Journal of the econometric society},
	pages={1251--1271},
	year={1978},
	publisher={JSTOR}
}
@article{karunarathne2020developing,
	title={Developing a multi-facet social vulnerability measure for flood disasters at the micro-level assessment},
	author={Karunarathne, Ananda Y and Lee, Gunhak},
	journal={International journal of disaster risk reduction},
	volume={49},
	pages={101679},
	year={2020},
	publisher={Elsevier}
}
@article{huynh2018multi,
	title={Multi-scale assessment of social vulnerability to climate change: An empirical study in coastal Vietnam},
	author={Huynh, Lam Thi Mai and Stringer, Lindsay C},
	journal={Climate Risk Management},
	volume={20},
	pages={165--180},
	year={2018},
	publisher={Elsevier}
}
@article{dumenu2020social,
	title={Social vulnerability of smallholder farmers to climate change in Zambia: the applicability of social vulnerability index},
	author={Dumenu, William Kwadwo and Takam Tiamgne, Xavier},
	journal={SN Applied Sciences},
	volume={2},
	pages={1--16},
	year={2020},
	publisher={Springer}
}
@article{chambers2006vulnerability,
	title={Vulnerability, coping and policy (editorial introduction)},
	author={Chambers, Robert},
	journal={IDS bulletin},
	volume={37},
	number={4},
	pages={33--40},
	year={2006},
	publisher={Blackwell Publishing Ltd Oxford, UK}
}