@article{brocklesby2003community,
  title={Community development in sustainable livelihoods approaches--an introduction},
  author={Brocklesby, Mary Ann and Fisher, Eleanor},
  journal={Community development journal},
  volume={38},
  number={3},
  pages={185--198},
  year={2003},
  publisher={Oxford University Press}
}
@article{smith2022environmental,
	title={Environmental income and rural livelihoods},
	author={Smith-Hall, Carsten and Jiao, Xi and Walelign, Solomon Zena},
	journal={Proceedings of the Routledge Handbook on Livelihoods in the Global South},
	pages={259--270},
	year={2022}
}
